@article{benchmark:Evans,
  title={Rapid heating of solid density material by a petawatt laser},
  author={Evans, RG and Clark, EL and Eagleton, RT and Dunne, AM and Edwards, RD and Garbett, WJ and Goldsack, TJ and James, S and Smith, CC and Thomas, BR and others},
  journal={App. Phys. Lett.},
  volume={86},
  number={19},
  pages={191505},
  year={2005},
  publisher={American Institute of Physics}
}

@article{benchmark:Hanson,
  title={Measurement of multiple scattering of 15.7-MeV electrons},
  author={Hanson, AO and Lanzl, LH and Lyman, EM and Scott, MB},
  journal={Phys. Rev.},
  volume={84},
  number={4},
  pages={634},
  year={1951},
  publisher={APS}
}

@techreport{benchmark:Lockwood,
  title={Calorimetric measurement of electron energy deposition in extended media. Theory vs experiment},
  author={Lockwood, Grant J and Ruggles, Laurence E and Miller, Glenn H and Halbleib, JA},
  year={1980},
  institution={Sandia Labs., Albuquerque, NM (USA)}
}

@article{benchmark:Nist,
  title={ESTAR, PSTAR and ASTAR: Computer Programs for Calculating Stopping-Power and Range Tables for Electrons, Protons and $\alpha$-Particles (Version 1.2. 2)},
  author={Berger, MJ and Coursey, JS and Zucker, MA},
  journal={NIST, Gaithersburg},
  year={2000}
}

@article{benchmark:Rester,
  title={Thick target bremsstrahlung produced by electron bombardment of targets of Be, Sn, and Au in the energy range 0.2--2.8 MeV},
  author={Rester, DH and Dance, WE and Derrickson, JH},
  journal={J. Appl. Phys.},
  volume={41},
  number={6},
  pages={2682--2692},
  year={1970},
  publisher={American Institute of Physics}
}

@article{bremPIC:Wu,
  author={Wu, D and He, XT and Yu, W and Fritzsche, S},
  journal={High Power Laser Sci.},
  volume={6},
  year={2018},
  publisher={Cambridge University Press}
}

@phdthesis{bremPIC:Pandit,
  author={Pandit, RR},
  school={University of Nevada, Reno},
  year={2015}
}

@techreport{bremPIC:Ward,
  title={Fast particle Bremsstrahlung effects in the PIC code EPOCH: Enhanced diagnostics for laser-solid interaction modelling.},
  author={Ward, R and Sircombe, NJ},
  year={2014}
}

@article{bremPIC:Wan,
  author={Wan, F and Lv, Chong and Jia, M and Sang, H and Xie, B},
  journal={Eur. Phys. J. D.},
  volume={71},
  number={9},
  pages={236},
  year={2017},
  publisher={Springer}
}

@article{bremPIC:Vyskocil,
  author={Vysko{\v{c}}il, J and Klimo, O and Weber, S},
  journal={Plasma Phys. Contr. F.},
  volume={60},
  number={5},
  pages={054013},
  year={2018},
  publisher={IOP Publishing}
}

@article{bremPIC:Sentoku,
  title={Particle simulation on x-ray emissions from ultra-intense laser produced plasmas},
  author={Sentoku, Y and Mima, K and Taguchi, T and Miyamoto, S and Kishimoto, Y},
  journal={Physics of Plasmas},
  volume={5},
  number={12},
  pages={4366--4372},
  year={1998},
  publisher={American Institute of Physics}
}

@article{bremPIC:Martinez,
  title={High-energy radiation and pair production by Coulomb processes in particle-in-cell simulations},
  author={Martinez, B and Lobet, M and Duclous, R and d'Humi{\`e}res, E and Gremillet, L},
  journal={Physics of Plasmas},
  volume={26},
  number={10},
  pages={103109},
  year={2019},
  publisher={AIP Publishing LLC}
}

@article{bremMC:Henderson,
  title={Ultra-intense gamma-rays created using the Texas Petawatt Laser},
  author={Henderson, Alexander and Liang, Edison and Riley, Nathan and Yepes, Pablo and Dyer, Gillis and Serratto, Kristina and Shagin, Petr},
  journal={High Energy Density Physics},
  volume={12},
  pages={46--56},
  year={2014},
  publisher={Elsevier}
}

@article{bremMC:Sheng,
  title={Enhancing Bremsstrahlung production from ultraintense laser-solid interactions with front surface structures},
  author={Jiang, Sheng and Krygier, Andrew G and Schumacher, Douglass W and Akli, Kramer U and Freeman, Richard R},
  journal={The European Physical Journal D},
  volume={68},
  number={10},
  pages={283},
  year={2014},
  publisher={Springer}
}

@article{code:epoch:Arber,
  author={Arber, TD and Bennett, K and Brady, CS and Lawrence-Douglas, A and Ramsay, MG and Sircombe, NJ and Gillies, P and Evans, RG and Schmitz, H and Bell, AR and others},
  journal={Plasma Phys. Contr. F.},
  volume={57},
  number={11},
  pages={113001},
  year={2015},
  publisher={IOP Publishing}
}

@article{code:epoch:Ridgers,
  author={Ridgers, CP and Brady, CS and Duclous, R and Kirk, JG and Bennett, K and Arber, TD and Robinson, APL and Bell, AR},
  journal={Phys. Rev. Lett.},
  volume={108},
  number={16},
  pages={165006},
  year={2012},
  publisher={APS}
}

@article{code:geant4:2003,
  title={GEANT4â€”a simulation toolkit},
  author={Agostinelli, Sea and Allison, John and Amako, K al and Apostolakis, John and Araujo, H and Arce, P and Asai, M and Axen, D and Banerjee, S and Barrand, G 2 and others},
  journal={Nuclear instruments and methods in physics research section A: Accelerators, Spectrometers, Detectors and Associated Equipment},
  volume={506},
  number={3},
  pages={250--303},
  year={2003},
  publisher={Elsevier}
}

@article{code:geant4:2006,
  title={Geant4 developments and applications},
  author={Allison, John and Amako, Katsuya and Apostolakis, JEA and Araujo, HAAH and Dubois, P Arce and Asai, MAAM and Barrand, GABG and Capra, RACR and Chauvie, SACS and Chytracek, RACR and others},
  journal={IEEE Transactions on nuclear science},
  volume={53},
  number={1},
  pages={270--278},
  year={2006},
  publisher={IEEE}
}

@article{code:geant4:2016,
  title={Recent developments in Geant4},
  author={Allison, J and Amako, Katsuya and Apostolakis, John and Arce, Pedro and Asai, M and Aso, T and Bagli, E and Bagulya, A and Banerjee, S and Barrand, G and others},
  journal={Nuclear Instruments and Methods in Physics Research Section A: Accelerators, Spectrometers, Detectors and Associated Equipment},
  volume={835},
  pages={186--225},
  year={2016},
  publisher={Elsevier}
}

@article{code:geant4:physRefMan,
  title={Physics reference manual},
  author={Collaboration, GEANT and others},
  journal={Version: geant4},
  volume={10},
  number={9},
  year={2016}
}

@article{hybrid:Davies:1997,
  title={Short-pulse high-intensity laser-generated fast electron transport into thick solid targets},
  author={Davies, JR and Bell, AR and Haines, MG and Guerin, SM},
  journal={Physical Review E},
  volume={56},
  number={6},
  pages={7193},
  year={1997},
  publisher={APS}
}

@article{hybrid:Davies:2002,
  title={How wrong is collisional Monte Carlo modeling of fast electron transport in high-intensity laser-solid interactions?},
  author={Davies, JR},
  journal={Physical Review E},
  volume={65},
  number={2},
  pages={026407},
  year={2002},
  publisher={APS}
}

@article{eta:Davies,
  title = {Magnetic focusing and trapping of high-intensity laser-generated fast electrons at the rear of solid targets},
  author = {Davies, J. R. and Bell, A. R. and Tatarakis, M.},
  journal = {Phys. Rev. E},
  volume = {59},
  issue = {5},
  pages = {6032--6036},
  numpages = {0},
  year = {1999},
  month = {May},
  publisher = {American Physical Society},
  doi = {10.1103/PhysRevE.59.6032},
  url = {https://link.aps.org/doi/10.1103/PhysRevE.59.6032}
}

@incollection{eta:More,
  title={Pressure ionization, resonances, and the continuity of bound and free states},
  author={More, RM},
  booktitle={Advances in atomic and molecular physics},
  volume={21},
  pages={305--356},
  year={1985},
  publisher={Elsevier}
}

@article{eta:Spitzer:Cohen,
  title={The electrical conductivity of an ionized gas},
  author={Cohen, Robert S and Spitzer Jr, Lyman and Routly, Paul McR},
  journal={Physical Review},
  volume={80},
  number={2},
  pages={230},
  year={1950},
  publisher={APS}
}

@article{eta:Spitzer:Spitzer,
  title={Transport phenomena in a completely ionized gas},
  author={Spitzer Jr, Lyman and H{\"a}rm, Richard},
  journal={Physical Review},
  volume={89},
  number={5},
  pages={977},
  year={1953},
  publisher={APS}
}

@article{eta:Spitzer:Braginskii,
  title={Transport processes in a plasma},
  author={Braginskii, SI},
  journal={Reviews of plasma physics},
  volume={1},
  year={1965},
  publisher={Consultants Bureau}
}

@article{eta:Spitzer:Kuritsyn,
  title={Measurements of the parallel and transverse Spitzer resistivities during collisional magnetic reconnection},
  author={Kuritsyn, A and Yamada, M and Gerhardt, S and Ji, Hantao and Kulsrud, R and Ren, Y},
  journal={Physics of plasmas},
  volume={13},
  number={5},
  pages={055703},
  year={2006},
  publisher={American Institute of Physics}
}

@article{eta:Al:Milchberg,
  title={Resistivity of a simple metal from room temperature to 10 6 K},
  author={Milchberg, HM and Freeman, RR and Davey, SC and More, RM},
  journal={Physical review letters},
  volume={61},
  number={20},
  pages={2364},
  year={1988},
  publisher={APS}
}

@article{eta:Al:Key,
  title={Status of and prospects for the fast ignition inertial fusion concept},
  author={Key, Michael H},
  journal={Physics of Plasmas},
  volume={14},
  number={5},
  pages={055502},
  year={2007},
  publisher={American Institute of Physics}
}

@article{eta:LeeMore,
  title={An electron conductivity model for dense plasmas},
  author={Lee, Yim T and More, RM},
  journal={The Physics of fluids},
  volume={27},
  number={5},
  pages={1273--1286},
  year={1984},
  publisher={American Institute of Physics}
}

@article{eta:saturation:Gunnarsson,
  title={Colloquium: Saturation of electrical resistivity},
  author={Gunnarsson, O and Calandra, M and Han, JE},
  journal={Reviews of Modern Physics},
  volume={75},
  number={4},
  pages={1085},
  year={2003},
  publisher={APS}
}

@article{intro:a0:Savin,
  title={Energy absorption in the laser-QED regime},
  author={Savin, Alex F and Ross, Aimee J and Aboushelbaya, Ramy and Mayr, Marko W and Spiers, Ben and Wang, Robin H-W and Norreys, Peter A},
  journal={Scientific reports},
  volume={9},
  number={1},
  pages={1--8},
  year={2019},
  publisher={Nature Publishing Group}
}

@article{intro:returnCur:Hammer,
  title={Propagation of high current relativistic electron beams},
  author={Hammer, DA and Rostoker, N},
  journal={The Physics of Fluids},
  volume={13},
  number={7},
  pages={1831--1850},
  year={1970},
  publisher={American Institute of Physics}
}

@inproceedings{laser:apollon,
  title={First commissioning results of the apollon laser on the 1 pw beam line},
  author={Papadopoulos, DN and Zou, JP and Le Blanc, C and Ranc, L and Druon, F and Martin, L and Fr{\'e}neaux, A and Beluze, A and Lebas, N and Chabanis, M and others},
  booktitle={2019 Conference on Lasers and Electro-Optics (CLEO)},
  pages={1--2},
  year={2019},
  organization={IEEE}
}

@article{laser:ELI,
  title={P3: An installation for high-energy density plasma physics and ultra-high intensity laser--matter interaction at ELI-Beamlines},
  author={Weber, S and Bechet, S and Borneis, S and Brabec, L and Bu{\v{c}}ka, M and Chacon-Golcher, E and Ciappina, M and DeMarco, M and Fajstavr, A and Falk, K and others},
  journal={Matter and Radiation at Extremes},
  volume={2},
  number={4},
  pages={149--176},
  year={2017},
  publisher={China Academy of Engineering Physics}
}

@article{motivation:astro:Chen,
  title={Scaling the yield of laser-driven electron-positron jets to laboratory astrophysical applications},
  author={Chen, Hui and Fiuza, F and Link, A and Hazi, A and Hill, M and Hoarty, D and James, S and Kerr, S and Meyerhofer, DD and Myatt, J and others},
  journal={Physical review letters},
  volume={114},
  number={21},
  pages={215001},
  year={2015},
  publisher={APS}
}

@article{motivation:TNSA:Perego,
  author={Perego, C. and Zani, A. and Batani, D. and Passoni, M.},
  journal={Nucl. Instrum. Methods Phys. Res},
  volume={653},
  number={1},
  pages={89--93},
  year={2011},
  publisher={Elsevier}
}

@article{motivation:photonuclear:Belyshev,
  title={Studying photonuclear reactions using the activation technique},
  author={Belyshev, SS and Ermakov, AN and Ishkhanov, BS and Khankin, VV and Kurilik, AS and Kuznetsov, AA and Shvedunov, VI and Stopani, KA},
  journal={Nuclear Instruments and Methods in Physics Research Section A: Accelerators, Spectrometers, Detectors and Associated Equipment},
  volume={745},
  pages={133--137},
  year={2014},
  publisher={Elsevier}
}

@article{motivation:radiotherapy:Girolami,
  title={Photon beams for radiosurgery produced by laser Compton backscattering from relativistic electrons},
  author={Girolami, B and Larsson, B and Preger, M and Schaerf, C and Stepanek, J},
  journal={Physics in Medicine \& Biology},
  volume={41},
  number={9},
  pages={1581},
  year={1996},
  publisher={IOP Publishing}
}

@article{NCS:Lezhnin,
  author={Lezhnin, KV and Sasorov, PV and Korn, G and Bulanov, SV},
  journal={Phys. Plasmas},
  volume={25},
  number={12},
  pages={123105},
  year={2018},
  publisher={AIP Publishing}
}

@article{NCS:vyskovcil,
  title={Simulations of bremsstrahlung emission in ultra-intense laser interactions with foil targets},
  author={Vysko{\v{c}}il, Ji{\v{r}}{\'\i} and Klimo, Ond{\v{r}}ej and Weber, Stefan},
  journal={Plasma Physics and Controlled Fusion},
  volume={60},
  number={5},
  pages={054013},
  year={2018},
  publisher={IOP Publishing}
}

@article{TNSA:rusby,
  title={Effect of rear surface fields on hot, refluxing and escaping electron populations via numerical simulations},
  author={Rusby, DR and Armstrong, CD and Scott, GG and King, M and McKenna, P and Neely, D},
  journal={High Power Laser Science and Engineering},
  volume={7},
  year={2019},
  publisher={Cambridge University Press}
}

% Unused papers from the TAP2 report below here

@misc{old:brem:jacksonBook,
  title={Classical electrodynamics},
  author={Jackson, JD},
  year={1999},
  publisher={AAPT}
}

@article{old:brem:Bethe_Heitler_Brem_Analytic,
  author={Bethe, H and Heitler, W},
  journal={P. R. Soc. Lond. A-Conta.},
  volume={146},
  number={856},
  pages={83--112},
  year={1934},
  publisher={The Royal Society London}
}

@article{old:brem:Seltzer_Berger,
  author={Seltzer, SM and Berger, MJ},
  journal={Nucl. Instrum. Methods Phys. Res.},
  volume={12},
  number={1},
  pages={95--134},
  year={1985},
  publisher={Elsevier}
}

@article{old:NCS:Ridgers_epoch,
  author={Ridgers, CP and Kirk, JG and Duclous, R and Blackburn, TG and Brady, CS and Bennett, K and Arber, TD and Bell, AR},
  journal={J. Comput. Phys.},
  volume={260},
  pages={273--285},
  year={2014},
  publisher={Elsevier}
}

@misc{old:brem:Geant4_physics_ref_manual,
  title = {Geant4 Physics Reference Manual, Release 10.5},
  author = {Geant4 Collaboration},
  howpublished = {\url{http://geant4-userdoc.web.cern.ch/geant4-userdoc/UsersGuides/PhysicsReferenceManual/fo/PhysicsReferenceManual.pdf}},
  note = {Accessed: 05/03/19}
}

@article{old:Fsigma:flychk,
  author={Chung, H-K and Chen, MH and Morgan, WL and Ralchenko, Y and Lee, RW},
  journal={High. Energ. Dens. Phys.},
  volume={1},
  number={1},
  pages={3--12},
  year={2005},
  publisher={Elsevier}
}

@article{old:NCS:RESE,
  author={Brady, CS and Ridgers, CP and Arber, TD and Bell, AR and Kirk, JG},
  journal={Phys. Rev. Lett.},
  volume={109},
  number={24},
  pages={245006},
  year={2012},
  publisher={APS}
}



@article{old:rad:Debayle,
  author={Debayle, A and Honrubia, JJ and dâ€™Humieres, E and Tikhonchuk, VT},
  journal={Phys. Rev. E},
  volume={82},
  number={3},
  pages={036405},
  year={2010},
  publisher={APS}
}

@article{old:NCS:Nerush,
  author={Nerush, EN and Kostyukov, IY and Ji, L and Pukhov, A},
  journal={Phys. Plasmas},
  volume={21},
  number={1},
  pages={013109},
  year={2014},
  publisher={AIP}
}


@article{old:NCS:theory,
  author={Erber, T},
  journal={Rev. Mod. Phys.},
  volume={38},
  number={4},
  pages={626},
  year={1966},
  publisher={APS}
}

@book{old:rad:Gibbon,
  title={Short pulse laser interactions with matter},
  author={Gibbon, P},
  year={2004},
  publisher={World Scientific Publishing Company Singapore}
}

@article{old:NCS:Ridgers_Gaunt,
  author={Ridgers, CP and Blackburn, TG and Del Sorbo, D and Bradley, LE and Slade-Lowther, C and Baird, CD and Mangles, SPD and McKenna, P and Marklund, M and Murphy, CD and others},
  journal={J. Plasma Phys.},
  volume={83},
  number={5},
  year={2017},
  publisher={Cambridge University Press}
}

@article{old:NCS:beam_experiment,
  author={Bula, C and McDonald, KT and Prebys, EJ and Bamber, C and Boege, S and Kotseroglou, T and Melissinos, AC and Meyerhofer, DD and Ragg, W and Burke, DL and others},
  journal={Phys. Rev. Lett.},
  volume={76},
  number={17},
  pages={3116},
  year={1996},
  publisher={APS}
}

@article{old:misc:atto1,
  author={Zhu, X-L and Chen, M and Yu, T-P and Weng, S-M and Hu, L-X and McKenna, P and Sheng, Z-M},
  journal={Appl. Phys. Lett.},
  volume={112},
  number={17},
  pages={174102},
  year={2018},
  publisher={AIP Publishing}
}

@article{old:misc:atto2,
  author={Li, J-X and Hatsagortsyan, KZ and Galow, BJ and Keitel, CH},
  journal={Phys. Rev. Lett.},
  volume={115},
  number={20},
  pages={204801},
  year={2015},
  publisher={APS}
}

@article{old:misc:exotic,
  author={Di Piazza, A and M{\"u}ller, C and Hatsagortsyan, KZ and Keitel, CH},
  journal={Rev. Mod. Phys.},
  volume={84},
  number={3},
  pages={1177},
  year={2012},
  publisher={APS}
}

@article{old:misc:X-ray_image,
  author={Chen, LM and Liu, F and Wang, WM and Kando, M and Mao, JY and Zhang, L and Ma, JL and Li, YT and Bulanov, SV and Tajima, T and others},
  journal={Phys. Rev. Lett.},
  volume={104},
  number={21},
  pages={215004},
  year={2010},
  publisher={APS}
}

@book{old:NCS:LL,
title = {The Classical Theory of Fields},
author = {Landau, LD and Lifshitz, EM},
publisher = {Butterworth-Heinemann},
year = 1980,
volume = 2,
edition = 4
}

@book{old:misc:PIC,
  title={Plasma physics via computer simulation},
  author={Birdsall, CK and Langdon, AB},
  year={2004},
  publisher={CRC press}
}

@article{old:brem:plasma_mirror,
  author={Wilson, R and King, M and Gray, R and Carroll, D and Dance, R and Butler, N and Armstrong, C and Hawkes, S and Clarke, R and Robertson, D and others},
  journal={Quantum Beam Sci.},
  volume={2},
  number={1},
  pages={1},
  year={2018},
  publisher={Multidisciplinary Digital Publishing Institute}
}

@article{old:rad:ovchinnikov,
  author={Ovchinnikov, VM and Schumacher, DW and McMahon, M and Chowdhury, EA and Chen, CD and Morace, A and Freeman, RR},
  journal={Phys. Rev. Lett.},
  volume={110},
  number={6},
  pages={065007},
  year={2013},
  publisher={APS}
}

@article{old:rad:reflux_efficiency,
  author={Myatt, J and Theobald, W and Delettrez, JA and Stoeckl, C and Storm, M and Sangster, TC and Maximov, AV and Short, RW},
  journal={Phys. Plasmas},
  volume={14},
  number={5},
  pages={056301},
  year={2007},
  publisher={AIP}
}

@article{old:Fsigma:corona,
  author={Tucker, WH and Koren, M},
  journal={Astrophys. J.},
  volume={168},
  pages={283},
  year={1971}
}

@article{intro:wakefield,
  title={Laser wakefield acceleration with mid-IR laser pulses},
  author={Woodbury, D and Feder, L and Shumakova, V and Gollner, C and Schwartz, R and Miao, B and Salehi, F and Korolov, A and Pug{\v{z}}lys, A and Baltu{\v{s}}ka, A and others},
  journal={Optics letters},
  volume={43},
  number={5},
  pages={1131--1134},
  year={2018},
  publisher={Optical Society of America}
}

@article{intro:electron_beam,
  title={Signatures of quantum effects on radiation reaction in laser--electron-beam collisions},
  author={Ridgers, CP and Blackburn, TG and Del Sorbo, D and Bradley, LE and Slade-Lowther, C and Baird, CD and Mangles, SPD and McKenna, P and Marklund, M and Murphy, CD and others},
  journal={Journal of Plasma Physics},
  volume={83},
  number={5},
  year={2017},
  publisher={Cambridge University Press}
}

@article{theory:injector:moore,
  title={A laser-accelerator injector based on laser ionization and ponderomotive acceleration of electrons},
  author={Moore, CI and Ting, A and McNaught, SJ and Qiu, J and Burris, HR and Sprangle, P},
  journal={Physical review letters},
  volume={82},
  number={8},
  pages={1688},
  year={1999},
  publisher={APS}
}

@article{theory:injector:sheng,
  title={Angular distributions of fast electrons, ions, and bremsstrahlung x/$\gamma$-rays in intense laser interaction with solid targets},
  author={Sheng, Z-M and Sentoku, Yasuhiko and Mima, Kunioki and Zhang, Jie and Yu, Wei and Meyer-ter-Vehn, Juergen},
  journal={Physical review letters},
  volume={85},
  number={25},
  pages={5340},
  year={2000},
  publisher={APS}
}

@article{theory:ionisation:continuous,
  title={Report 37},
  author={Berger, MJ and Inokuti, M and Anderson, HH and Bichsel, H and Dennis, JA and Powers, D and Seltzer, SM and Turner, JE},
  journal={Journal of the International Commission on Radiation Units and Measurements},
  number={2},
  pages={NP--NP},
  year={1984},
  publisher={Narnia}
}

@book{theory:ionisation:continuousFull,
  title={Electron--Photon Shower Distribution Function: Tables for Lead, Copper and Air Absorbers},
  author={Messel, Harry and Crawford, David F},
  year={2013},
  publisher={Elsevier}
}

@techreport{code:geant4:Urban,
  title={A model for multiple scattering in Geant4},
  author={Urb{\'a}n, L{\'a}szl{\'o}},
  year={2006}
}

@article{code:geant4:Lewis,
  title={Multiple scattering in an infinite medium},
  author={Lewis, HW},
  journal={Physical review},
  volume={78},
  number={5},
  pages={526},
  year={1950},
  publisher={APS}
}

@article{code:geant4:urban:meanFreePath,
  title={Transport mean free path tabulated for the multiple elastic scattering of electrons and positrons at energiesâ‰¤ 20 MeV},
  author={Liljequist, D and Ismail, M and Salvat, F and Mayol, R and Martinez, JD},
  journal={Journal of applied physics},
  volume={68},
  number={7},
  pages={3061--3065},
  year={1990},
  publisher={American Institute of Physics}
}

@article{code:geant4:urban:meanFreePathHigh,
  title={Total and transport cross sections for elastic scattering of electrons by atoms},
  author={Mayol, Ricardo and Salvat, Francesc},
  journal={Atomic Data and Nuclear Data Tables},
  volume={65},
  number={1},
  pages={55--154},
  year={1997},
  publisher={Elsevier}
}

@article{code:geant4:urban:dFit,
  title={The scattering of muons in low-Z materials},
  author={Attwood, D and Bell, P and Bull, S and McMahon, T and Wilson, J and Fernow, R and Gruber, P and Jamdagni, A and Long, K and McKigney, E and others},
  journal={Nuclear Instruments and Methods in Physics Research Section B: Beam Interactions with Materials and Atoms},
  volume={251},
  number={1},
  pages={41--55},
  year={2006},
  publisher={Elsevier}
}

@techreport{theory:heatCap:Bell,
  title={New equations of state for Medusa},
  author={Bell, AR},
  year={1980},
  institution={Science Research Council}
}

@book{theory:thermalEquil:Spitzer,
  title={Physics of fully ionized gases},
  author={Spitzer, Lyman},
  year={1962},
  edition={2},
  publisher={Courier Corporation}
}

@article{theory:Wilks,
  title={Absorption of ultra-intense laser pulses},
  author={Wilks, SC and Kruer, WL and Tabak, M and Langdon, AB},
  journal={Physical review letters},
  volume={69},
  number={9},
  pages={1383},
  year={1992},
  publisher={APS}
}
